/home/artem/yandexdisk/RRM/thesis/thesis_template/RRM.bib